@inproceedings{Aditya95semanticsof,
    author = {Shail Aditya and Arvind and Jan-Willem Maessen and Lennart Augustsson and Rishiyur S. Nikhil},
    title = {Semantics of pH: A parallel dialect of {H}askell},
    booktitle = {in proceedings of the {H}askell Workshop (at {F}{P}{C}{A} 1995)},
    year = {1995},
    pages = {35--49},
}

@techreport{arvindid,
  title="An Asynchronous Programming Language for a Large Multiprocessor Machine",
  author="Arvind and K.P Gostelow and W.E Plouffe",
  institution="UC Irvine",
  year={1978},
  month={Dec},
  number="TR114a",
}

@article{Nikhil:2008:BLU:1862867.1862868,
 author = {Nikhil S. Rishiyur and Arvind},
 title = {What is {B}luespec?},
 journal = {SIGDA Newsletter},
 issue_date = {December 2008},
 volume = {38},
 issue = {23},
 month = {December},
 year = {2008},
 issn = {0163-5743},
 pages = {1--1},
 numpages = {1},
 url = {http://doi.acm.org/10.1145/1862867.1862868},
 doi = {http://doi.acm.org/10.1145/1862867.1862868},
 acmid = {1862868},
 publisher = {ACM},
 address = {New York, NY, USA},
} 

@inproceedings{Lattner:2004:LCF:977395.977673,
 author = {Lattner, Chris and Adve, Vikram},
 title = {{L}{L}{V}{M}: A Compilation Framework for Lifelong Program Analysis \& Transformation},
 booktitle = {Proceedings of the international symposium on Code generation and optimization: feedback-directed and runtime optimization},
 series = {CGO '04},
 year = {2004},
 isbn = {0-7695-2102-9},
 location = {Palo Alto, California},
 pages = {75--},
 url = {http://dl.acm.org/citation.cfm?id=977395.977673},
 acmid = {977673},
 publisher = {IEEE Computer Society},
 address = {Washington, DC, USA},
} 

@inproceedings{Erkok:2009:PES:1481848.1481860,
 author = {Erk\"{o}k, Levent and Matthews, John},
 title = {Pragmatic equivalence and safety checking in {C}ryptol},
 booktitle = {Proceedings of the 3rd workshop on Programming languages meets program verification},
 series = {PLPV '09},
 year = {2008},
 isbn = {978-1-60558-330-3},
 location = {Savannah, GA, USA},
 pages = {73--82},
 numpages = {10},
 url = {http://doi.acm.org/10.1145/1481848.1481860},
 doi = {http://doi.acm.org/10.1145/1481848.1481860},
 acmid = {1481860},
 publisher = {ACM},
 address = {New York, NY, USA},
 keywords = {cryptography, equivalence checking, formal methods, sat/smt solving, size polymorphism, theorem proving},
} 

@inproceedings{Claessen:2000:QLT:351240.351266,
 author = {Claessen, Koen and Hughes, John},
 title = {Quick{C}heck: a lightweight tool for random testing of {H}askell programs},
 booktitle = {Proceedings of the fifth {A}{C}{M} {S}{I}{G}{P}{L}{A}{N} international conference on functional programming},
 series = {ICFP '00},
 year = {2000},
 isbn = {1-58113-202-6},
 pages = {268--279},
 numpages = {12},
 url = {http://doi.acm.org/10.1145/351240.351266},
 doi = {http://doi.acm.org/10.1145/351240.351266},
 acmid = {351266},
 publisher = {ACM},
 address = {New York, NY, USA},
} 

@inproceedings{Sagonas:2007:DDE:1273920.1273926,
 author = {Sagonas, Konstantinos},
 title = {Detecting defects in {E}rlang programs using static analysis},
 booktitle = {Proceedings of the 9th {A}{C}{M} {S}{I}{G}{P}{L}{A}{N} international conference on principles and practice of declarative programming},
 series = {PPDP '07},
 year = {2007},
 isbn = {978-1-59593-769-8},
 location = {Wroclaw, Poland},
 pages = {37--37},
 numpages = {1},
 url = {http://doi.acm.org/10.1145/1273920.1273926},
 doi = {http://doi.acm.org/10.1145/1273920.1273926},
 acmid = {1273926},
 publisher = {ACM},
 address = {New York, NY, USA},
} 

