@string{AW = "Addison-Wesley"}

@Book{GammaHelmJohnsonVlissides1995,
  author =	 {Erich Gamma and Richard Helm and Ralph Johnson and John Vlissides},
  title = 	 {Design Patterns: Elements of Reusable
                  Object-Oriented Software},
  publisher = 	 AW,
  year = 	 1995
}
