@article{DBLP:journals/spe/VouillonB14,
  author    = {J{\'{e}}r{\^{o}}me Vouillon and
               Vincent Balat},
  title     = {From bytecode to JavaScript: the Js{\_}of{\_}ocaml compiler},
  journal   = {Softw., Pract. Exper.},
  year      = {2014},
  volume    = {44},
  number    = {8},
  pages     = {951--972},
  url       = {http://dx.doi.org/10.1002/spe.2187},
  doi       = {10.1002/spe.2187},
  timestamp = {Sat, 06 Sep 2014 18:13:27 +0200},
  biburl    = {http://dblp.uni-trier.de/rec/bib/journals/spe/VouillonB14},
  bibsource = {dblp computer science bibliography, http://dblp.org}
}

@article{JFP:9147276,
author = {Michael Sperber and Anil Madhavapeddy},
title = {Commercial users of functional programming workshop report},
journal = {Journal of Functional Programming},
volume = {23},
issue = {06},
month = {11},
year = {2013},
issn = {1469-7653},
pages = {701--712},
numpages = {12},
doi = {10.1017/S0956796813000257},
URL = {http://journals.cambridge.org/article_S0956796813000257},
}

@article{JFP:8514633,
author = {Anil Madhavapeddy and Yaron Minsky and Marius Eriksen},
title = {CUFP 2011 Workshop Report},
journal = {Journal of Functional Programming},
volume = {22},
issue = {01},
month = {1},
year = {2012},
issn = {1469-7653},
pages = {1--8},
numpages = {8},
doi = {10.1017/S0956796812000020},
URL = {http://journals.cambridge.org/article_S0956796812000020},
}
